@misc{lehman2006biblatex,
  title={The biblatex package},
  author={Lehman, Philipp and Kime, Philip},
  year={2006}
}
@book{104049401,
   title =     {Software Project Management: With PMI, IEEE-CS and Agile-SCRUM (de Gruyter Textbook)},
   author =    {Mohâ€™d A. Radaideh},
   publisher = {De Gruyter},
   isbn =      {3111206467; 9783111206462},
   year =      {2023},
   }
